<mx:record xmlns:v="http://viaf.org/viaf/terms#" xmlns:srw="http://www.loc.gov/zing/srw/" xmlns:mx="http://www.loc.gov/MARC21/slim"><mx:leader>00000cx##a22.....n..4500</mx:leader><mx:controlfield tag="001">viaf88933794</mx:controlfield><mx:controlfield tag="003">OCoLC</mx:controlfield><mx:controlfield tag="008">110217n||azznnabbn##########|a#aaa####|#</mx:controlfield><mx:datafield ind2=" " ind1="7" tag="024"><mx:subfield code="a">http://viaf.org/viaf/88933794</mx:subfield><mx:subfield code="2">uri</mx:subfield></mx:datafield><mx:datafield ind2=" " ind1=" " tag="040"><mx:subfield code="a">VIAF</mx:subfield><mx:subfield code="c">VIAF</mx:subfield></mx:datafield><mx:datafield tag="700" ind2=" " ind1="0"><mx:subfield code="a">Demetrius</mx:subfield><mx:subfield code="0">(LC)n 2003031235</mx:subfield></mx:datafield><mx:datafield tag="700" ind2=" " ind1="0"><mx:subfield code="a">Demetrios från Faleron,</mx:subfield><mx:subfield code="d">ca 350-ca 283 f.Kr.</mx:subfield><mx:subfield code="0">(SELIBR)258808</mx:subfield></mx:datafield><mx:datafield tag="700" ind2=" " ind1="0"><mx:subfield code="a">Demetrius</mx:subfield><mx:subfield code="c">Phalereus</mx:subfield><mx:subfield code="d">ca. 350 - 283 v. Chr.</mx:subfield><mx:subfield code="0">(DNB)118677713</mx:subfield></mx:datafield><mx:datafield tag="700" ind2=" " ind1="0"><mx:subfield code="a">Demetrius Phalereus,</mx:subfield><mx:subfield code="d">c. 350-c. 283 a.C.</mx:subfield><mx:subfield code="0">(BAV)ADV10200370</mx:subfield></mx:datafield><mx:datafield tag="700" ind2=" " ind1="0"><mx:subfield code="a">Demetrius,</mx:subfield><mx:subfield code="c">de Phalère</mx:subfield><mx:subfield code="0">(RERO)vtls000049573</mx:subfield></mx:datafield><mx:datafield tag="700" ind2=" " ind1="0"><mx:subfield code="a">Demetrius</mx:subfield><mx:subfield code="0">(NLIlat)000038447</mx:subfield></mx:datafield><mx:datafield tag="700" ind2="|" ind1=" "><mx:subfield code="a">Démétrios de Phalère</mx:subfield><mx:subfield code="d">0350?-0283? av. J.-C.</mx:subfield><mx:subfield code="0">(BNF)12190609</mx:subfield></mx:datafield><mx:datafield tag="700" ind2=" " ind1="0"><mx:subfield code="a">Demetrius</mx:subfield><mx:subfield code="d">(ca 350-283 a.C.).</mx:subfield><mx:subfield code="0">(NUKAT)n  95207086</mx:subfield></mx:datafield><mx:datafield tag="700" ind2="0" ind1=" "><mx:subfield code="a">Demetrio de Falera,</mx:subfield><mx:subfield code="d">fl. 348-282 a.C.</mx:subfield><mx:subfield code="0">(PTBNP)82898</mx:subfield></mx:datafield><mx:datafield tag="100" ind2=" " ind1="0"><mx:subfield code="a">Demetrius,</mx:subfield><mx:subfield code="c">of Phaleron,</mx:subfield><mx:subfield code="d">b. 350 B.C</mx:subfield><mx:subfield code="0">(NAF)n 81008008</mx:subfield></mx:datafield><mx:datafield tag="370" ind2=" " ind1=" "><mx:subfield code="a">XX</mx:subfield><mx:subfield code="2">BNF</mx:subfield></mx:datafield><mx:datafield tag="377" ind2=" " ind1=" "><mx:subfield code="a">grc</mx:subfield><mx:subfield code="2">BNF</mx:subfield></mx:datafield><mx:datafield ind2=" " ind1=" " tag="375"><mx:subfield code="a">male</mx:subfield><mx:subfield code="2">1</mx:subfield></mx:datafield><mx:datafield tag="400" ind2=" " ind1="0"><mx:subfield code="a">Demetrio Falereo,</mx:subfield><mx:subfield code="d">c. 350-c. 283 a.C.</mx:subfield><mx:subfield code="2">BAV</mx:subfield></mx:datafield><mx:datafield tag="400" ind2="|" ind1=" "><mx:subfield code="a">Demetrio Falereo</mx:subfield><mx:subfield code="d">0350?-0283? av. J.-C.</mx:subfield><mx:subfield code="2">BNF</mx:subfield></mx:datafield><mx:datafield tag="400" ind2="0" ind1=" "><mx:subfield code="a">Demetrio de Falera</mx:subfield><mx:subfield code="2">PTBNP</mx:subfield></mx:datafield><mx:datafield tag="400" ind2=" " ind1="0"><mx:subfield code="a">Demetrios Phalereus</mx:subfield><mx:subfield code="2">NLIlat</mx:subfield></mx:datafield><mx:datafield tag="400" ind2=" " ind1="0"><mx:subfield code="a">Demetrios de Phalöre</mx:subfield><mx:subfield code="d">(c. 350-283 av. J. C.).</mx:subfield><mx:subfield code="2">NUKAT</mx:subfield></mx:datafield><mx:datafield tag="400" ind2=" " ind1="0"><mx:subfield code="a">Demetrios von Phaleron,</mx:subfield><mx:subfield code="d">ca 350-ca 283 f.Kr.</mx:subfield><mx:subfield code="2">SELIBR</mx:subfield></mx:datafield><mx:datafield tag="400" ind2="|" ind1=" "><mx:subfield code="a">Demetrios von Phaleron</mx:subfield><mx:subfield code="d">0350?-0283? av. J.-C.</mx:subfield><mx:subfield code="2">BNF</mx:subfield></mx:datafield><mx:datafield tag="400" ind2=" " ind1="0"><mx:subfield code="a">Demetrios von Phaleron</mx:subfield><mx:subfield code="d">ca. 350 - 283 v. Chr.</mx:subfield><mx:subfield code="2">DNB</mx:subfield></mx:datafield><mx:datafield tag="400" ind2=" " ind1="0"><mx:subfield code="a">Demetrios,</mx:subfield><mx:subfield code="c">de Phalère</mx:subfield><mx:subfield code="2">RERO</mx:subfield></mx:datafield><mx:datafield tag="400" ind2=" " ind1="0"><mx:subfield code="a">Demetrios,</mx:subfield><mx:subfield code="c">ho Phalereus,</mx:subfield><mx:subfield code="d">b. 350 B.C</mx:subfield><mx:subfield code="2">NLA</mx:subfield></mx:datafield><mx:datafield tag="400" ind2=" " ind1="0"><mx:subfield code="a">Demetrios.</mx:subfield><mx:subfield code="2">NUKAT</mx:subfield></mx:datafield><mx:datafield tag="400" ind2=" " ind1="0"><mx:subfield code="a">Demetrios</mx:subfield><mx:subfield code="c">Athenischer Politiker</mx:subfield><mx:subfield code="d">ca. 350 - 283 v. Chr.</mx:subfield><mx:subfield code="2">DNB</mx:subfield></mx:datafield><mx:datafield tag="400" ind2=" " ind1="0"><mx:subfield code="a">Demetrios</mx:subfield><mx:subfield code="c">Freund Theophrasts</mx:subfield><mx:subfield code="d">ca. 350 - 283 v. Chr.</mx:subfield><mx:subfield code="2">DNB</mx:subfield></mx:datafield><mx:datafield tag="400" ind2=" " ind1="0"><mx:subfield code="a">Demetrios</mx:subfield><mx:subfield code="c">Peripatetiker</mx:subfield><mx:subfield code="d">ca. 350 - 283 v. Chr.</mx:subfield><mx:subfield code="2">DNB</mx:subfield></mx:datafield><mx:datafield tag="400" ind2=" " ind1="0"><mx:subfield code="a">Demetrios</mx:subfield><mx:subfield code="c">Politiker</mx:subfield><mx:subfield code="d">ca. 350 - 283 v. Chr.</mx:subfield><mx:subfield code="2">DNB</mx:subfield></mx:datafield><mx:datafield tag="400" ind2=" " ind1="0"><mx:subfield code="a">Demetrios</mx:subfield><mx:subfield code="c">von Phaleron</mx:subfield><mx:subfield code="d">ca. 350 - 283 v. Chr.</mx:subfield><mx:subfield code="2">DNB</mx:subfield></mx:datafield><mx:datafield tag="400" ind2="|" ind1=" "><mx:subfield code="a">Demetrios</mx:subfield><mx:subfield code="d">0350?-0283? av. J.-C.</mx:subfield><mx:subfield code="2">BNF</mx:subfield></mx:datafield><mx:datafield tag="400" ind2=" " ind1="0"><mx:subfield code="a">Demetrios</mx:subfield><mx:subfield code="d">ca. 350 - 283 v. Chr.</mx:subfield><mx:subfield code="2">DNB</mx:subfield></mx:datafield><mx:datafield tag="400" ind2=" " ind1="0"><mx:subfield code="a">Demetrio</mx:subfield><mx:subfield code="c">Bibliotecario</mx:subfield><mx:subfield code="d">ca. 350 - 283 v. Chr.</mx:subfield><mx:subfield code="2">DNB</mx:subfield></mx:datafield><mx:datafield tag="400" ind2=" " ind1="0"><mx:subfield code="a">Demetrio</mx:subfield><mx:subfield code="c">Falereo</mx:subfield><mx:subfield code="d">ca. 350 - 283 v. Chr.</mx:subfield><mx:subfield code="2">DNB</mx:subfield></mx:datafield><mx:datafield tag="400" ind2=" " ind1="0"><mx:subfield code="a">Demetrio</mx:subfield><mx:subfield code="c">Filosofo Peripatetico</mx:subfield><mx:subfield code="d">ca. 350 - 283 v. Chr.</mx:subfield><mx:subfield code="2">DNB</mx:subfield></mx:datafield><mx:datafield tag="400" ind2="0" ind1=" "><mx:subfield code="a">Demetrius Phalereus</mx:subfield><mx:subfield code="2">PTBNP</mx:subfield></mx:datafield><mx:datafield tag="400" ind2=" " ind1="0"><mx:subfield code="a">Demetrius Phalereus</mx:subfield><mx:subfield code="2">NLIlat</mx:subfield></mx:datafield><mx:datafield tag="400" ind2=" " ind1="0"><mx:subfield code="a">Demetrius Phalereus,</mx:subfield><mx:subfield code="d">b. 350 B.C</mx:subfield><mx:subfield code="2">NLA</mx:subfield></mx:datafield><mx:datafield tag="400" ind2=" " ind1="0"><mx:subfield code="a">Demetrius Phalereus.</mx:subfield><mx:subfield code="2">NUKAT</mx:subfield></mx:datafield><mx:datafield tag="400" ind2=" " ind1="0"><mx:subfield code="a">Demetrius Phalerus.</mx:subfield><mx:subfield code="2">NUKAT</mx:subfield></mx:datafield><mx:datafield tag="400" ind2="|" ind1=" "><mx:subfield code="a">Demetrius Phalerus</mx:subfield><mx:subfield code="d">0350?-0283? av. J.-C.</mx:subfield><mx:subfield code="2">BNF</mx:subfield></mx:datafield><mx:datafield tag="400" ind2=" " ind1="0"><mx:subfield code="a">Demetrius Phalæreus,</mx:subfield><mx:subfield code="d">ca 350-ca 283 f.Kr.</mx:subfield><mx:subfield code="2">SELIBR</mx:subfield></mx:datafield><mx:datafield tag="400" ind2="|" ind1=" "><mx:subfield code="a">Demetrius de Phalère</mx:subfield><mx:subfield code="d">0350?-0283? av. J.-C.</mx:subfield><mx:subfield code="2">BNF</mx:subfield></mx:datafield><mx:datafield tag="400" ind2=" " ind1="0"><mx:subfield code="a">Demetrius di Falero,</mx:subfield><mx:subfield code="d">c. 350-c. 283 a.C.</mx:subfield><mx:subfield code="2">BAV</mx:subfield></mx:datafield><mx:datafield tag="400" ind2=" " ind1="0"><mx:subfield code="a">Demetrius of Phalerum,</mx:subfield><mx:subfield code="d">ca 350-ca 283 f.Kr.</mx:subfield><mx:subfield code="2">SELIBR</mx:subfield></mx:datafield><mx:datafield tag="400" ind2=" " ind1="0"><mx:subfield code="a">Demetrius,</mx:subfield><mx:subfield code="c">of Phaleron,</mx:subfield><mx:subfield code="d">b. 350 B.C.</mx:subfield><mx:subfield code="2">NLIlat</mx:subfield></mx:datafield><mx:datafield tag="400" ind2=" " ind1="0"><mx:subfield code="a">Demetrius,</mx:subfield><mx:subfield code="c">of Phaleron,</mx:subfield><mx:subfield code="d">ca 350-ca 283 f.Kr.</mx:subfield><mx:subfield code="2">SELIBR</mx:subfield></mx:datafield><mx:datafield tag="400" ind2=" " ind1="0"><mx:subfield code="a">Demetriusz z Faleronu.</mx:subfield><mx:subfield code="2">NUKAT</mx:subfield></mx:datafield><mx:datafield tag="400" ind2=" " ind1="0"><mx:subfield code="a">Demetriusz.</mx:subfield><mx:subfield code="2">NUKAT</mx:subfield></mx:datafield><mx:datafield tag="400" ind2=" " ind1="0"><mx:subfield code="a">Demetrius</mx:subfield><mx:subfield code="c">Falereus</mx:subfield><mx:subfield code="d">ca. 350 - 283 v. Chr.</mx:subfield><mx:subfield code="2">DNB</mx:subfield></mx:datafield><mx:datafield tag="400" ind2=" " ind1="0"><mx:subfield code="a">Demetrius</mx:subfield><mx:subfield code="c">Formarum Epistolicarum Auctor</mx:subfield><mx:subfield code="d">ca. 350 - 283 v. Chr.</mx:subfield><mx:subfield code="2">DNB</mx:subfield></mx:datafield><mx:datafield tag="400" ind2=" " ind1="0"><mx:subfield code="a">Demetrius</mx:subfield><mx:subfield code="c">Historicus</mx:subfield><mx:subfield code="d">ca. 350 - 283 v. Chr.</mx:subfield><mx:subfield code="2">DNB</mx:subfield></mx:datafield><mx:datafield tag="400" ind2=" " ind1="0"><mx:subfield code="a">Demetrius</mx:subfield><mx:subfield code="c">Phalereus Historicus</mx:subfield><mx:subfield code="d">ca. 350 - 283 v. Chr.</mx:subfield><mx:subfield code="2">DNB</mx:subfield></mx:datafield><mx:datafield tag="400" ind2=" " ind1="0"><mx:subfield code="a">Demetrius</mx:subfield><mx:subfield code="c">Philosophus</mx:subfield><mx:subfield code="d">ca. 350 - 283 v. Chr.</mx:subfield><mx:subfield code="2">DNB</mx:subfield></mx:datafield><mx:datafield tag="400" ind2=" " ind1="0"><mx:subfield code="a">Demetrius</mx:subfield><mx:subfield code="c">Rhetor</mx:subfield><mx:subfield code="d">ca. 350 - 283 v. Chr.</mx:subfield><mx:subfield code="2">DNB</mx:subfield></mx:datafield><mx:datafield tag="400" ind2=" " ind1="0"><mx:subfield code="a">Demetrius</mx:subfield><mx:subfield code="c">of Phaleron</mx:subfield><mx:subfield code="d">ca. 350 - 283 v. Chr.</mx:subfield><mx:subfield code="2">DNB</mx:subfield></mx:datafield><mx:datafield tag="400" ind2=" " ind1="0"><mx:subfield code="a">Demetrius</mx:subfield><mx:subfield code="c">of Phalerum</mx:subfield><mx:subfield code="d">ca. 350 - 283 v. Chr.</mx:subfield><mx:subfield code="2">DNB</mx:subfield></mx:datafield><mx:datafield tag="400" ind2=" " ind1="0"><mx:subfield code="a">Dēmētrios</mx:subfield><mx:subfield code="2">LC</mx:subfield></mx:datafield><mx:datafield tag="400" ind2="|" ind1=" "><mx:subfield code="a">Dēmētrios ho Phalēreús</mx:subfield><mx:subfield code="d">0350?-0283? av. J.-C</mx:subfield><mx:subfield code="2">BNF</mx:subfield></mx:datafield><mx:datafield tag="400" ind2=" " ind1="0"><mx:subfield code="a">Démétrios</mx:subfield><mx:subfield code="c">de Phalère</mx:subfield><mx:subfield code="d">ca. 350 - 283 v. Chr.</mx:subfield><mx:subfield code="2">DNB</mx:subfield></mx:datafield><mx:datafield tag="400" ind2=" " ind1="0"><mx:subfield code="a">Démétrius</mx:subfield><mx:subfield code="c">de Phalère</mx:subfield><mx:subfield code="d">ca. 350 - 283 v. Chr.</mx:subfield><mx:subfield code="2">DNB</mx:subfield></mx:datafield><mx:datafield tag="400" ind2=" " ind1="1"><mx:subfield code="a">Phalereus, Demetrius</mx:subfield><mx:subfield code="d">ca. 350 - 283 v. Chr.</mx:subfield><mx:subfield code="2">DNB</mx:subfield></mx:datafield><mx:datafield tag="400" ind2=" " ind1="0"><mx:subfield code="a">Pseudo-Demetrius</mx:subfield><mx:subfield code="c">Phalereus</mx:subfield><mx:subfield code="d">ca. 350 - 283 v. Chr.</mx:subfield><mx:subfield code="2">DNB</mx:subfield></mx:datafield><mx:datafield tag="400" ind2=" " ind1="0"><mx:subfield code="a">Pseudo-Demetrius</mx:subfield><mx:subfield code="d">ca. 350 - 283 v. Chr.</mx:subfield><mx:subfield code="2">DNB</mx:subfield></mx:datafield><mx:datafield tag="400" ind2=" " ind1="0"><mx:subfield code="i">rakoeb</mx:subfield><mx:subfield code="a">Demetrios</mx:subfield><mx:subfield code="c">von Phaleron</mx:subfield><mx:subfield code="d">ca. 350 - 283 v. Chr.</mx:subfield><mx:subfield code="2">DNB</mx:subfield></mx:datafield><mx:datafield tag="500" ind2=" " ind1="0"><mx:subfield code="a">Demetrio</mx:subfield><mx:subfield code="2">LC</mx:subfield></mx:datafield><mx:datafield tag="500" ind2=" " ind1="0"><mx:subfield code="a">Demetrios</mx:subfield><mx:subfield code="2">SELIBR</mx:subfield></mx:datafield><mx:datafield tag="950" ind2=" " ind1=" "><mx:subfield code="a">Demetrius, of Phaleron, b. ca. 350 B.C.</mx:subfield><mx:subfield code="9">7</mx:subfield><mx:subfield code="2">LC</mx:subfield></mx:datafield><mx:datafield tag="950" ind2=" " ind1=" "><mx:subfield code="a">Roberts, William Rhys 1858-1929</mx:subfield><mx:subfield code="9">6</mx:subfield><mx:subfield code="2">NLIlat</mx:subfield><mx:subfield code="2">RERO</mx:subfield><mx:subfield code="2">DNB</mx:subfield></mx:datafield><mx:datafield tag="950" ind2=" " ind1=" "><mx:subfield code="a">Wall, Bernice Virginia</mx:subfield><mx:subfield code="9">4</mx:subfield><mx:subfield code="2">RERO</mx:subfield><mx:subfield code="2">LC</mx:subfield><mx:subfield code="2">BNF</mx:subfield></mx:datafield><mx:datafield tag="950" ind2=" " ind1=" "><mx:subfield code="a">Vettori, Pietro, 1499-1585</mx:subfield><mx:subfield code="9">4</mx:subfield><mx:subfield code="2">LC</mx:subfield><mx:subfield code="2">BNF</mx:subfield></mx:datafield><mx:datafield tag="950" ind2=" " ind1=" "><mx:subfield code="a">Radermacher, Ludwig 31.10.1867-28.06.1952</mx:subfield><mx:subfield code="9">4</mx:subfield><mx:subfield code="2">RERO</mx:subfield><mx:subfield code="2">DNB</mx:subfield></mx:datafield><mx:datafield tag="950" ind2=" " ind1=" "><mx:subfield code="a">Weichert, Valentin</mx:subfield><mx:subfield code="9">3</mx:subfield><mx:subfield code="2">NLA</mx:subfield><mx:subfield code="2">RERO</mx:subfield><mx:subfield code="2">BNF</mx:subfield></mx:datafield><mx:datafield tag="950" ind2=" " ind1=" "><mx:subfield code="a">Gale, Thomas 1636-1702</mx:subfield><mx:subfield code="9">3</mx:subfield><mx:subfield code="2">NLA</mx:subfield><mx:subfield code="2">BNF</mx:subfield></mx:datafield><mx:datafield tag="950" ind2=" " ind1=" "><mx:subfield code="a">Longin 0213?-0273</mx:subfield><mx:subfield code="9">2</mx:subfield><mx:subfield code="2">BNF</mx:subfield></mx:datafield><mx:datafield tag="950" ind2=" " ind1=" "><mx:subfield code="a">Lombardo, Giovanni.</mx:subfield><mx:subfield code="9">2</mx:subfield><mx:subfield code="2">RERO</mx:subfield><mx:subfield code="2">LC</mx:subfield></mx:datafield><mx:datafield tag="950" ind2=" " ind1=" "><mx:subfield code="a">Ilovius, Stanisław Howski  dit</mx:subfield><mx:subfield code="9">2</mx:subfield><mx:subfield code="2">BNF</mx:subfield></mx:datafield><mx:datafield tag="950" ind2=" " ind1=" "><mx:subfield code="a">Perchacino, Gratioso, fl. 1565-1600</mx:subfield><mx:subfield code="9">1</mx:subfield><mx:subfield code="2">PTBNP</mx:subfield></mx:datafield><mx:datafield tag="901" ind2=" " ind1=" "><mx:subfield code="a">9788884983527</mx:subfield><mx:subfield code="9">3</mx:subfield><mx:subfield code="2">RERO</mx:subfield><mx:subfield code="2">LC</mx:subfield><mx:subfield code="2">BNF</mx:subfield></mx:datafield><mx:datafield tag="901" ind2=" " ind1=" "><mx:subfield code="a">9788877260444</mx:subfield><mx:subfield code="9">3</mx:subfield><mx:subfield code="2">RERO</mx:subfield><mx:subfield code="2">LC</mx:subfield><mx:subfield code="2">BNF</mx:subfield></mx:datafield><mx:datafield tag="901" ind2=" " ind1=" "><mx:subfield code="a">9782251004341</mx:subfield><mx:subfield code="9">3</mx:subfield><mx:subfield code="2">RERO</mx:subfield><mx:subfield code="2">LC</mx:subfield><mx:subfield code="2">BNF</mx:subfield></mx:datafield><mx:datafield tag="901" ind2=" " ind1=" "><mx:subfield code="a">9788817127585</mx:subfield><mx:subfield code="9">1</mx:subfield><mx:subfield code="2">BNF</mx:subfield></mx:datafield><mx:datafield tag="901" ind2=" " ind1=" "><mx:subfield code="a">9782869861176</mx:subfield><mx:subfield code="9">1</mx:subfield><mx:subfield code="2">RERO</mx:subfield></mx:datafield><mx:datafield tag="901" ind2=" " ind1=" "><mx:subfield code="a">9780765800176</mx:subfield><mx:subfield code="9">1</mx:subfield><mx:subfield code="2">RERO</mx:subfield></mx:datafield><mx:datafield tag="901" ind2=" " ind1=" "><mx:subfield code="a">9780405114380</mx:subfield><mx:subfield code="9">1</mx:subfield><mx:subfield code="2">LC</mx:subfield></mx:datafield><mx:datafield tag="910" ind2=" " ind1=" "><mx:subfield code="a">On style.</mx:subfield><mx:subfield code="9">11</mx:subfield><mx:subfield code="2">NLIlat</mx:subfield><mx:subfield code="2">NLA</mx:subfield><mx:subfield code="2">LC</mx:subfield><mx:subfield code="2">BNF</mx:subfield></mx:datafield><mx:datafield tag="910" ind2=" " ind1=" "><mx:subfield code="a">Du style</mx:subfield><mx:subfield code="9">8</mx:subfield><mx:subfield code="2">RERO</mx:subfield><mx:subfield code="2">LC</mx:subfield><mx:subfield code="2">BNF</mx:subfield></mx:datafield><mx:datafield tag="910" ind2=" " ind1=" "><mx:subfield code="a">Lo stile</mx:subfield><mx:subfield code="9">5</mx:subfield><mx:subfield code="2">RERO</mx:subfield><mx:subfield code="2">LC</mx:subfield></mx:datafield><mx:datafield tag="910" ind2=" " ind1=" "><mx:subfield code="a">Demetrius on style. The Greek text of Demetrius De elocutione.</mx:subfield><mx:subfield code="9">5</mx:subfield><mx:subfield code="2">NLA</mx:subfield><mx:subfield code="2">RERO</mx:subfield><mx:subfield code="2">LC</mx:subfield></mx:datafield><mx:datafield tag="910" ind2=" " ind1=" "><mx:subfield code="a">Demetrii Phalerei qui dicitur De elocutione libellus</mx:subfield><mx:subfield code="9">5</mx:subfield><mx:subfield code="2">RERO</mx:subfield><mx:subfield code="2">BNF</mx:subfield></mx:datafield><mx:datafield tag="910" ind2=" " ind1=" "><mx:subfield code="a">Demetrios von Phaleron</mx:subfield><mx:subfield code="9">3</mx:subfield><mx:subfield code="2">RERO</mx:subfield><mx:subfield code="2">BNF</mx:subfield></mx:datafield><mx:datafield tag="910" ind2=" " ind1=" "><mx:subfield code="a">A medieval Latin version of Demetrius' De elocutione;</mx:subfield><mx:subfield code="9">3</mx:subfield><mx:subfield code="2">RERO</mx:subfield><mx:subfield code="2">LC</mx:subfield></mx:datafield><mx:datafield tag="910" ind2=" " ind1=" "><mx:subfield code="a">Lo stile</mx:subfield><mx:subfield code="9">2</mx:subfield><mx:subfield code="2">BNF</mx:subfield></mx:datafield><mx:datafield tag="910" ind2=" " ind1=" "><mx:subfield code="a">Die Schule des Aristoteles</mx:subfield><mx:subfield code="9">2</mx:subfield><mx:subfield code="2">BNF</mx:subfield><mx:subfield code="2">DNB</mx:subfield></mx:datafield><mx:datafield tag="910" ind2=" " ind1=" "><mx:subfield code="a">Demetrius on style</mx:subfield><mx:subfield code="9">2</mx:subfield><mx:subfield code="2">RERO</mx:subfield></mx:datafield><mx:datafield tag="910" ind2=" " ind1=" "><mx:subfield code="a">De elocutione liber</mx:subfield><mx:subfield code="9">2</mx:subfield><mx:subfield code="2">RERO</mx:subfield><mx:subfield code="2">DNB</mx:subfield></mx:datafield><mx:datafield tag="910" ind2=" " ind1=" "><mx:subfield code="a">De elocutione</mx:subfield><mx:subfield code="9">2</mx:subfield><mx:subfield code="2">NLA</mx:subfield><mx:subfield code="2">DNB</mx:subfield></mx:datafield><mx:datafield tag="910" ind2=" " ind1=" "><mx:subfield code="a">A Greek critic : Demetrius on style</mx:subfield><mx:subfield code="9">2</mx:subfield><mx:subfield code="2">NLA</mx:subfield><mx:subfield code="2">RERO</mx:subfield></mx:datafield><mx:datafield tag="910" ind2=" " ind1=" "><mx:subfield code="a">@ . Demetrii Phalerei de elocutione. [Petrus Victorius in lucem edidit.]</mx:subfield><mx:subfield code="9">2</mx:subfield><mx:subfield code="2">BNF</mx:subfield></mx:datafield><mx:datafield tag="910" ind2=" " ind1=" "><mx:subfield code="a">@ . Demetrii Phalerei de elocutione sive dictione rhetorica. In hac editione contextus graecus ex optimis exemplaribus emendatur, versio latina passim ab erroribus repurgatur, et loca a Demetrio laudata, quae hactenus graece tantum extabant, nunc primum latinitate donantur</mx:subfield><mx:subfield code="9">2</mx:subfield><mx:subfield code="2">BNF</mx:subfield></mx:datafield><mx:datafield tag="910" ind2=" " ind1=" "><mx:subfield code="a">Aristotle. The Poetics. [ @ .] With an English translation by W. Hamilton Fyfe.] Longinus. On the sublime. [ @ . With an English translation by W. Hamilton Fyfe]. Demetrius. On style [ @ . With an English translation by W. Rhys Roberts.]</mx:subfield><mx:subfield code="9">1</mx:subfield><mx:subfield code="2">BNF</mx:subfield></mx:datafield><mx:datafield tag="910" ind2=" " ind1=" "><mx:subfield code="a">A Medieval Latin version of Demetrius "De Elocutione", edited for the first time from a fourteenth century manuscript at the University of Illinois, with an introduction and critical notes. A dissertation by Bernice Virginia Wall,...</mx:subfield><mx:subfield code="9">1</mx:subfield><mx:subfield code="2">BNF</mx:subfield></mx:datafield><mx:datafield tag="910" ind2=" " ind1=" "><mx:subfield code="a">peri hyphous 197</mx:subfield><mx:subfield code="9">1</mx:subfield><mx:subfield code="2">LC</mx:subfield></mx:datafield><mx:datafield tag="910" ind2=" " ind1=" "><mx:subfield code="a">de interpretatione</mx:subfield><mx:subfield code="9">1</mx:subfield><mx:subfield code="2">DNB</mx:subfield></mx:datafield><mx:datafield tag="910" ind2=" " ind1=" "><mx:subfield code="a">Vom Stil</mx:subfield><mx:subfield code="9">1</mx:subfield><mx:subfield code="2">DNB</mx:subfield></mx:datafield><mx:datafield tag="910" ind2=" " ind1=" "><mx:subfield code="a">Tractatus de anima, seu Philosophia vere naturalis ...</mx:subfield><mx:subfield code="9">1</mx:subfield><mx:subfield code="2">BAV</mx:subfield></mx:datafield><mx:datafield tag="910" ind2=" " ind1=" "><mx:subfield code="a">Sullo stile</mx:subfield><mx:subfield code="9">1</mx:subfield><mx:subfield code="2">BNF</mx:subfield></mx:datafield><mx:datafield tag="910" ind2=" " ind1=" "><mx:subfield code="a">Rhetores selecti : Demetrius Phalereus, Tiberius rhetor, anonymus sophista, Severus Alexandrinus. Demetrium emendavit, reliquos e mss. edidit et latine vertit, omnes notis illustravit Tho. Galeus,... Iterum edidit varietatemque lectionis aldinae adjecit Joh. Frider. Fisscherus</mx:subfield><mx:subfield code="9">1</mx:subfield><mx:subfield code="2">BNF</mx:subfield></mx:datafield><mx:datafield tag="910" ind2=" " ind1=" "><mx:subfield code="a">Rhetores selecti : Demetrius Phalereus, Tiberius rhetor, Anonymus sophista, Severus Alexandrinus, graece et latine... [Edidit Tho. Galeus.]</mx:subfield><mx:subfield code="9">1</mx:subfield><mx:subfield code="2">BNF</mx:subfield></mx:datafield><mx:datafield tag="910" ind2=" " ind1=" "><mx:subfield code="a">Rhetores selecti</mx:subfield><mx:subfield code="9">1</mx:subfield><mx:subfield code="2">NLA</mx:subfield></mx:datafield><mx:datafield tag="910" ind2=" " ind1=" "><mx:subfield code="a">Rhetores graeci... éd. de Watz. Tome IX</mx:subfield><mx:subfield code="9">1</mx:subfield><mx:subfield code="2">BNF</mx:subfield></mx:datafield><mx:datafield tag="910" ind2=" " ind1=" "><mx:subfield code="a">Rhetores graeci... edidit... Christianus Walz,...</mx:subfield><mx:subfield code="9">1</mx:subfield><mx:subfield code="2">BNF</mx:subfield></mx:datafield><mx:datafield tag="910" ind2=" " ind1=" "><mx:subfield code="a">Qui dicitur de elocutione libellus</mx:subfield><mx:subfield code="9">1</mx:subfield><mx:subfield code="2">DNB</mx:subfield></mx:datafield><mx:datafield tag="910" ind2=" " ind1=" "><mx:subfield code="a">Phalaridos kai Broutou Epistolai = Phalaridis Bruti Epistolae. His praefixa Epistolarum conscribendarum methodus, Graece et Latine</mx:subfield><mx:subfield code="9">1</mx:subfield><mx:subfield code="2">RERO</mx:subfield></mx:datafield><mx:datafield tag="910" ind2=" " ind1=" "><mx:subfield code="a">Petri Victorii Commentarii in librum Demetrii Phalerei de elocutione, positis ante singulas declarationes graecis vocibus auctoris, iisdemque ad verbum latine expressis...</mx:subfield><mx:subfield code="9">1</mx:subfield><mx:subfield code="2">BNF</mx:subfield></mx:datafield><mx:datafield tag="910" ind2=" " ind1=" "><mx:subfield code="a">Peri hyphous</mx:subfield><mx:subfield code="9">1</mx:subfield><mx:subfield code="2">LC</mx:subfield></mx:datafield><mx:datafield tag="910" ind2=" " ind1=" "><mx:subfield code="a">On style The Greek text of Demetrius De elocutione</mx:subfield><mx:subfield code="9">1</mx:subfield><mx:subfield code="2">DNB</mx:subfield></mx:datafield><mx:datafield tag="910" ind2=" " ind1=" "><mx:subfield code="a">Fables texte intégral</mx:subfield><mx:subfield code="9">1</mx:subfield><mx:subfield code="2">RERO</mx:subfield></mx:datafield><mx:datafield tag="910" ind2=" " ind1=" "><mx:subfield code="a">Dēmētriou Phalēreōs Peri hermēneias = Demetrii Phalerei De elocvtione.</mx:subfield><mx:subfield code="9">1</mx:subfield><mx:subfield code="2">NLA</mx:subfield></mx:datafield><mx:datafield tag="910" ind2=" " ind1=" "><mx:subfield code="a">Démétrius, vulgairement dit de Phalère. Première traduction française avec notes par M. Guillemot,...</mx:subfield><mx:subfield code="9">1</mx:subfield><mx:subfield code="2">BNF</mx:subfield></mx:datafield><mx:datafield tag="910" ind2=" " ind1=" "><mx:subfield code="a">Démétrius de Phalère. De l'élocution. Traduit du grec en français, avec notes, remarques et table analytique, par Édouard Durassier,...</mx:subfield><mx:subfield code="9">1</mx:subfield><mx:subfield code="2">BNF</mx:subfield></mx:datafield><mx:datafield tag="910" ind2=" " ind1=" "><mx:subfield code="a">Demetrius on style, the Greek text of Demetrius "De Elocutione" edited, after the Paris manuscript, with introduction, translation, facsimiles, etc., by W. Rhys Davids,...</mx:subfield><mx:subfield code="9">1</mx:subfield><mx:subfield code="2">BNF</mx:subfield></mx:datafield><mx:datafield tag="910" ind2=" " ind1=" "><mx:subfield code="a">Demetrius on Style : the Greek text of Demetrius "De elocutione" edited after the Paris manuscript, with introduction, translation... by W. Rhys Roberts,...</mx:subfield><mx:subfield code="9">1</mx:subfield><mx:subfield code="2">BNF</mx:subfield></mx:datafield><mx:datafield tag="910" ind2=" " ind1=" "><mx:subfield code="a">Demetrius of Phalerum : text, translation and discussion</mx:subfield><mx:subfield code="9">1</mx:subfield><mx:subfield code="2">RERO</mx:subfield></mx:datafield><mx:datafield tag="910" ind2=" " ind1=" "><mx:subfield code="a">Demetriou Phalēreōs Peri Hermēneias. Demetrii Phalerei De elocutione, sive dictione rhetoriae. In hac editione, contextus graecus ex optimis exemplaribus emendatur, versio latina passim ab erroribus repurgatur; &amp; loca à Demetris laudata, quae hactenus graecè tantum extabant, nunc primùm latinitate donantur ...</mx:subfield><mx:subfield code="9">1</mx:subfield><mx:subfield code="2">LC</mx:subfield></mx:datafield><mx:datafield tag="910" ind2=" " ind1=" "><mx:subfield code="a">Demetrio Falereo. Della locuzione, volgarizzato da Pier Segni,... con postille al testo ed esempli toscani conformati a' greci...</mx:subfield><mx:subfield code="9">1</mx:subfield><mx:subfield code="2">BNF</mx:subfield></mx:datafield><mx:datafield tag="910" ind2=" " ind1=" "><mx:subfield code="a">Demetrii rhetoris de elocutione liber. Edidit Franciscus Goeller,... [Praemissa est praefatio Joh. Frider. Fischeri.]</mx:subfield><mx:subfield code="9">1</mx:subfield><mx:subfield code="2">BNF</mx:subfield></mx:datafield><mx:datafield tag="910" ind2=" " ind1=" "><mx:subfield code="a">Demetrii et Libanii qui feruntur Typoi epistolikoi et Epistolimaioi charaktēres</mx:subfield><mx:subfield code="9">1</mx:subfield><mx:subfield code="2">NLA</mx:subfield></mx:datafield><mx:datafield tag="910" ind2=" " ind1=" "><mx:subfield code="a">Demetrii et Libanii qui feruntur Tupoi epistolikoi et Epistolimaioi haraktēres</mx:subfield><mx:subfield code="9">1</mx:subfield><mx:subfield code="2">RERO</mx:subfield></mx:datafield><mx:datafield tag="910" ind2=" " ind1=" "><mx:subfield code="a">Demetrii et Libanii qui feruntur @ ; editit Valentinus Weichert</mx:subfield><mx:subfield code="9">1</mx:subfield><mx:subfield code="2">BNF</mx:subfield></mx:datafield><mx:datafield tag="910" ind2=" " ind1=" "><mx:subfield code="a">Demetrii et Libani qui feruntur @ et @ ...</mx:subfield><mx:subfield code="9">1</mx:subfield><mx:subfield code="2">BNF</mx:subfield></mx:datafield><mx:datafield tag="910" ind2=" " ind1=" "><mx:subfield code="a">Demetrii Phalerei qui dicitur de elocutione libellus. Praefatus recensuit adnotavitque Ludovicus Radermacher</mx:subfield><mx:subfield code="9">1</mx:subfield><mx:subfield code="2">BNF</mx:subfield></mx:datafield><mx:datafield tag="910" ind2=" " ind1=" "><mx:subfield code="a">Demetrii Phalerei de oratione sive de modo dicendi, Natale de Comitibus, Veneto, interprete</mx:subfield><mx:subfield code="9">1</mx:subfield><mx:subfield code="2">BNF</mx:subfield></mx:datafield><mx:datafield tag="910" ind2=" " ind1=" "><mx:subfield code="a">Demetrii Phalerei de elocutione liber, a Stanislao Ilovio, Polono, latinitate donatus et annotationibus illustratus. Item Dionysii Halicarnassei quaedam opuscula, eodem interprete... Adjecimus eadem et graece... [Ejusdem Ilovii et Fr. Robortelli de historica facultate commentatiunculae.]</mx:subfield><mx:subfield code="9">1</mx:subfield><mx:subfield code="2">BNF</mx:subfield></mx:datafield><mx:datafield tag="910" ind2=" " ind1=" "><mx:subfield code="a">Demetrii Phalerei de Elocutione liber, a Stanislav Ilovis,... latinitate donatus et annotationibus illustratus. Item Dionysii Halicarnassei quaedam Opuscula, codem interprete...</mx:subfield><mx:subfield code="9">1</mx:subfield><mx:subfield code="2">BNF</mx:subfield></mx:datafield><mx:datafield tag="910" ind2=" " ind1=" "><mx:subfield code="a">Demetrii Phalerei De elocvtione</mx:subfield><mx:subfield code="9">1</mx:subfield><mx:subfield code="2">NLA</mx:subfield></mx:datafield><mx:datafield tag="910" ind2=" " ind1=" "><mx:subfield code="a">Demetrii Phalerei @ liber utilis et vere aureus, quaestionibus explicatus, studio et opera Joannis Simonii,...</mx:subfield><mx:subfield code="9">1</mx:subfield><mx:subfield code="2">BNF</mx:subfield></mx:datafield><mx:datafield tag="910" ind2=" " ind1=" "><mx:subfield code="a">De l'élocution</mx:subfield><mx:subfield code="9">1</mx:subfield><mx:subfield code="2">RERO</mx:subfield></mx:datafield><mx:datafield tag="910" ind2=" " ind1=" "><mx:subfield code="a">De elocvtione</mx:subfield><mx:subfield code="9">1</mx:subfield><mx:subfield code="2">NLA</mx:subfield></mx:datafield><mx:datafield tag="910" ind2=" " ind1=" "><mx:subfield code="a">De elocution liber</mx:subfield><mx:subfield code="9">1</mx:subfield><mx:subfield code="2">PTBNP</mx:subfield></mx:datafield><mx:datafield tag="910" ind2=" " ind1=" "><mx:subfield code="a">De Oratione, sive de Modo dicendi...</mx:subfield><mx:subfield code="9">1</mx:subfield><mx:subfield code="2">BNF</mx:subfield></mx:datafield><mx:datafield tag="910" ind2=" " ind1=" "><mx:subfield code="a">De Elocutione liber... item Dionysii Halicarnassei quaedam Opuscula,...</mx:subfield><mx:subfield code="9">1</mx:subfield><mx:subfield code="2">BNF</mx:subfield></mx:datafield><mx:datafield tag="910" ind2=" " ind1=" "><mx:subfield code="a">De Elocutione liber, a Stanislas Ilovio,... latinitate donatus...</mx:subfield><mx:subfield code="9">1</mx:subfield><mx:subfield code="2">BNF</mx:subfield></mx:datafield><mx:datafield tag="910" ind2=" " ind1=" "><mx:subfield code="a">@ ... Demetrii de elocutione liber. Curavit Johann. Gottlob Schneider</mx:subfield><mx:subfield code="9">1</mx:subfield><mx:subfield code="2">BNF</mx:subfield></mx:datafield><mx:datafield tag="910" ind2=" " ind1=" "><mx:subfield code="a">@ . Demetrii Phalerei de elocutione. - "A la fin" : Florentiae, anno MDXLII</mx:subfield><mx:subfield code="9">1</mx:subfield><mx:subfield code="2">BNF</mx:subfield></mx:datafield><mx:datafield tag="921" ind2=" " ind1=" "><mx:subfield code="a">Teubner</mx:subfield><mx:subfield code="9">4</mx:subfield><mx:subfield code="2">BNF</mx:subfield><mx:subfield code="2">DNB</mx:subfield></mx:datafield><mx:datafield tag="921" ind2=" " ind1=" "><mx:subfield code="a">Schwabe</mx:subfield><mx:subfield code="9">4</mx:subfield><mx:subfield code="2">RERO</mx:subfield><mx:subfield code="2">BNF</mx:subfield><mx:subfield code="2">DNB</mx:subfield></mx:datafield><mx:datafield tag="921" ind2=" " ind1=" "><mx:subfield code="a">In aedibus B.G. Teubneri</mx:subfield><mx:subfield code="9">4</mx:subfield><mx:subfield code="2">NLA</mx:subfield><mx:subfield code="2">RERO</mx:subfield></mx:datafield><mx:datafield tag="921" ind2=" " ind1=" "><mx:subfield code="a">University of Toronto Press</mx:subfield><mx:subfield code="9">2</mx:subfield><mx:subfield code="2">NLA</mx:subfield><mx:subfield code="2">RERO</mx:subfield></mx:datafield><mx:datafield tag="921" ind2=" " ind1=" "><mx:subfield code="a">University Microfilms International</mx:subfield><mx:subfield code="9">2</mx:subfield><mx:subfield code="2">NLA</mx:subfield><mx:subfield code="2">RERO</mx:subfield></mx:datafield><mx:datafield tag="921" ind2=" " ind1=" "><mx:subfield code="a">per. J. Oporinum</mx:subfield><mx:subfield code="9">2</mx:subfield><mx:subfield code="2">BNF</mx:subfield></mx:datafield><mx:datafield tag="921" ind2=" " ind1=" "><mx:subfield code="a">ex off. R. Foulis</mx:subfield><mx:subfield code="9">2</mx:subfield><mx:subfield code="2">BNF</mx:subfield></mx:datafield><mx:datafield tag="921" ind2=" " ind1=" "><mx:subfield code="a">typis Nicolae Angeli Tinassii</mx:subfield><mx:subfield code="9">1</mx:subfield><mx:subfield code="2">BAV</mx:subfield></mx:datafield><mx:datafield tag="921" ind2=" " ind1=" "><mx:subfield code="a">typ. S. Mykandrij</mx:subfield><mx:subfield code="9">1</mx:subfield><mx:subfield code="2">BNF</mx:subfield></mx:datafield><mx:datafield tag="921" ind2=" " ind1=" "><mx:subfield code="a">Transaction Publ.</mx:subfield><mx:subfield code="9">1</mx:subfield><mx:subfield code="2">RERO</mx:subfield></mx:datafield><mx:datafield tag="921" ind2=" " ind1=" "><mx:subfield code="a">The Catholic university of America</mx:subfield><mx:subfield code="9">1</mx:subfield><mx:subfield code="2">LC</mx:subfield></mx:datafield><mx:datafield tag="921" ind2=" " ind1=" "><mx:subfield code="a">Gratiosus Perchacinus</mx:subfield><mx:subfield code="9">1</mx:subfield><mx:subfield code="2">PTBNP</mx:subfield></mx:datafield><mx:datafield tag="922" ind2=" " ind1=" "><mx:subfield code="a">IT</mx:subfield><mx:subfield code="9">10</mx:subfield><mx:subfield code="2">PTBNP</mx:subfield><mx:subfield code="2">BNF</mx:subfield></mx:datafield><mx:datafield tag="922" ind2=" " ind1=" "><mx:subfield code="a">DE</mx:subfield><mx:subfield code="9">9</mx:subfield><mx:subfield code="2">BNF</mx:subfield></mx:datafield><mx:datafield tag="922" ind2=" " ind1=" "><mx:subfield code="a">US</mx:subfield><mx:subfield code="9">7</mx:subfield><mx:subfield code="2">RERO</mx:subfield><mx:subfield code="2">LC</mx:subfield><mx:subfield code="2">BNF</mx:subfield></mx:datafield><mx:datafield tag="922" ind2=" " ind1=" "><mx:subfield code="a">TW</mx:subfield><mx:subfield code="9">5</mx:subfield><mx:subfield code="2">BNF</mx:subfield></mx:datafield><mx:datafield tag="922" ind2=" " ind1=" "><mx:subfield code="a">KI</mx:subfield><mx:subfield code="9">5</mx:subfield><mx:subfield code="2">BNF</mx:subfield></mx:datafield><mx:datafield tag="922" ind2=" " ind1=" "><mx:subfield code="a">FR</mx:subfield><mx:subfield code="9">4</mx:subfield><mx:subfield code="2">BNF</mx:subfield></mx:datafield><mx:datafield tag="922" ind2=" " ind1=" "><mx:subfield code="a">GB</mx:subfield><mx:subfield code="9">3</mx:subfield><mx:subfield code="2">RERO</mx:subfield><mx:subfield code="2">LC</mx:subfield></mx:datafield><mx:datafield tag="922" ind2=" " ind1=" "><mx:subfield code="a">CA</mx:subfield><mx:subfield code="9">2</mx:subfield><mx:subfield code="2">NLA</mx:subfield><mx:subfield code="2">RERO</mx:subfield></mx:datafield><mx:datafield tag="922" ind2=" " ind1=" "><mx:subfield code="a">XX</mx:subfield><mx:subfield code="9">1</mx:subfield><mx:subfield code="2">BNF</mx:subfield></mx:datafield><mx:datafield ind2=" " ind1=" " tag="943"><mx:subfield code="a">150.</mx:subfield><mx:subfield code="9">1</mx:subfield></mx:datafield><mx:datafield ind2=" " ind1=" " tag="943"><mx:subfield code="a">151.</mx:subfield><mx:subfield code="9">0</mx:subfield></mx:datafield><mx:datafield ind2=" " ind1=" " tag="943"><mx:subfield code="a">152.</mx:subfield><mx:subfield code="9">0</mx:subfield></mx:datafield><mx:datafield ind2=" " ind1=" " tag="943"><mx:subfield code="a">153.</mx:subfield><mx:subfield code="9">0</mx:subfield></mx:datafield><mx:datafield ind2=" " ind1=" " tag="943"><mx:subfield code="a">154.</mx:subfield><mx:subfield code="9">0</mx:subfield></mx:datafield><mx:datafield ind2=" " ind1=" " tag="943"><mx:subfield code="a">155.</mx:subfield><mx:subfield code="9">2</mx:subfield></mx:datafield><mx:datafield ind2=" " ind1=" " tag="943"><mx:subfield code="a">156.</mx:subfield><mx:subfield code="9">0</mx:subfield></mx:datafield><mx:datafield ind2=" " ind1=" " tag="943"><mx:subfield code="a">157.</mx:subfield><mx:subfield code="9">0</mx:subfield></mx:datafield><mx:datafield ind2=" " ind1=" " tag="943"><mx:subfield code="a">158.</mx:subfield><mx:subfield code="9">1</mx:subfield></mx:datafield><mx:datafield ind2=" " ind1=" " tag="943"><mx:subfield code="a">159.</mx:subfield><mx:subfield code="9">1</mx:subfield></mx:datafield><mx:datafield ind2=" " ind1=" " tag="943"><mx:subfield code="a">160.</mx:subfield><mx:subfield code="9">0</mx:subfield></mx:datafield><mx:datafield ind2=" " ind1=" " tag="943"><mx:subfield code="a">161.</mx:subfield><mx:subfield code="9">0</mx:subfield></mx:datafield><mx:datafield ind2=" " ind1=" " tag="943"><mx:subfield code="a">162.</mx:subfield><mx:subfield code="9">0</mx:subfield></mx:datafield><mx:datafield ind2=" " ind1=" " tag="943"><mx:subfield code="a">163.</mx:subfield><mx:subfield code="9">0</mx:subfield></mx:datafield><mx:datafield ind2=" " ind1=" " tag="943"><mx:subfield code="a">164.</mx:subfield><mx:subfield code="9">0</mx:subfield></mx:datafield><mx:datafield ind2=" " ind1=" " tag="943"><mx:subfield code="a">165.</mx:subfield><mx:subfield code="9">0</mx:subfield></mx:datafield><mx:datafield ind2=" " ind1=" " tag="943"><mx:subfield code="a">166.</mx:subfield><mx:subfield code="9">1</mx:subfield></mx:datafield><mx:datafield ind2=" " ind1=" " tag="943"><mx:subfield code="a">167.</mx:subfield><mx:subfield code="9">1</mx:subfield></mx:datafield><mx:datafield ind2=" " ind1=" " tag="943"><mx:subfield code="a">168.</mx:subfield><mx:subfield code="9">0</mx:subfield></mx:datafield><mx:datafield ind2=" " ind1=" " tag="943"><mx:subfield code="a">169.</mx:subfield><mx:subfield code="9">0</mx:subfield></mx:datafield><mx:datafield ind2=" " ind1=" " tag="943"><mx:subfield code="a">170.</mx:subfield><mx:subfield code="9">0</mx:subfield></mx:datafield><mx:datafield ind2=" " ind1=" " tag="943"><mx:subfield code="a">171.</mx:subfield><mx:subfield code="9">0</mx:subfield></mx:datafield><mx:datafield ind2=" " ind1=" " tag="943"><mx:subfield code="a">172.</mx:subfield><mx:subfield code="9">0</mx:subfield></mx:datafield><mx:datafield ind2=" " ind1=" " tag="943"><mx:subfield code="a">173.</mx:subfield><mx:subfield code="9">0</mx:subfield></mx:datafield><mx:datafield ind2=" " ind1=" " tag="943"><mx:subfield code="a">174.</mx:subfield><mx:subfield code="9">2</mx:subfield></mx:datafield><mx:datafield ind2=" " ind1=" " tag="943"><mx:subfield code="a">175.</mx:subfield><mx:subfield code="9">0</mx:subfield></mx:datafield><mx:datafield ind2=" " ind1=" " tag="943"><mx:subfield code="a">176.</mx:subfield><mx:subfield code="9">0</mx:subfield></mx:datafield><mx:datafield ind2=" " ind1=" " tag="943"><mx:subfield code="a">177.</mx:subfield><mx:subfield code="9">2</mx:subfield></mx:datafield><mx:datafield ind2=" " ind1=" " tag="943"><mx:subfield code="a">178.</mx:subfield><mx:subfield code="9">0</mx:subfield></mx:datafield><mx:datafield ind2=" " ind1=" " tag="943"><mx:subfield code="a">179.</mx:subfield><mx:subfield code="9">0</mx:subfield></mx:datafield><mx:datafield ind2=" " ind1=" " tag="943"><mx:subfield code="a">180.</mx:subfield><mx:subfield code="9">0</mx:subfield></mx:datafield><mx:datafield ind2=" " ind1=" " tag="943"><mx:subfield code="a">181.</mx:subfield><mx:subfield code="9">0</mx:subfield></mx:datafield><mx:datafield ind2=" " ind1=" " tag="943"><mx:subfield code="a">182.</mx:subfield><mx:subfield code="9">0</mx:subfield></mx:datafield><mx:datafield ind2=" " ind1=" " tag="943"><mx:subfield code="a">183.</mx:subfield><mx:subfield code="9">2</mx:subfield></mx:datafield><mx:datafield ind2=" " ind1=" " tag="943"><mx:subfield code="a">184.</mx:subfield><mx:subfield code="9">0</mx:subfield></mx:datafield><mx:datafield ind2=" " ind1=" " tag="943"><mx:subfield code="a">185.</mx:subfield><mx:subfield code="9">0</mx:subfield></mx:datafield><mx:datafield ind2=" " ind1=" " tag="943"><mx:subfield code="a">186.</mx:subfield><mx:subfield code="9">0</mx:subfield></mx:datafield><mx:datafield ind2=" " ind1=" " tag="943"><mx:subfield code="a">187.</mx:subfield><mx:subfield code="9">1</mx:subfield></mx:datafield><mx:datafield ind2=" " ind1=" " tag="943"><mx:subfield code="a">188.</mx:subfield><mx:subfield code="9">0</mx:subfield></mx:datafield><mx:datafield ind2=" " ind1=" " tag="943"><mx:subfield code="a">189.</mx:subfield><mx:subfield code="9">0</mx:subfield></mx:datafield><mx:datafield ind2=" " ind1=" " tag="943"><mx:subfield code="a">190.</mx:subfield><mx:subfield code="9">8</mx:subfield></mx:datafield><mx:datafield ind2=" " ind1=" " tag="943"><mx:subfield code="a">191.</mx:subfield><mx:subfield code="9">2</mx:subfield></mx:datafield><mx:datafield ind2=" " ind1=" " tag="943"><mx:subfield code="a">192.</mx:subfield><mx:subfield code="9">1</mx:subfield></mx:datafield><mx:datafield ind2=" " ind1=" " tag="943"><mx:subfield code="a">193.</mx:subfield><mx:subfield code="9">3</mx:subfield></mx:datafield><mx:datafield ind2=" " ind1=" " tag="943"><mx:subfield code="a">194.</mx:subfield><mx:subfield code="9">1</mx:subfield></mx:datafield><mx:datafield ind2=" " ind1=" " tag="943"><mx:subfield code="a">195.</mx:subfield><mx:subfield code="9">0</mx:subfield></mx:datafield><mx:datafield ind2=" " ind1=" " tag="943"><mx:subfield code="a">196.</mx:subfield><mx:subfield code="9">11</mx:subfield></mx:datafield><mx:datafield ind2=" " ind1=" " tag="943"><mx:subfield code="a">197.</mx:subfield><mx:subfield code="9">3</mx:subfield></mx:datafield><mx:datafield ind2=" " ind1=" " tag="943"><mx:subfield code="a">198.</mx:subfield><mx:subfield code="9">1</mx:subfield></mx:datafield><mx:datafield ind2=" " ind1=" " tag="943"><mx:subfield code="a">199.</mx:subfield><mx:subfield code="9">6</mx:subfield></mx:datafield><mx:datafield ind2=" " ind1=" " tag="943"><mx:subfield code="a">200.</mx:subfield><mx:subfield code="9">4</mx:subfield></mx:datafield><mx:datafield ind2=" " ind1=" " tag="970"><mx:subfield code="a">-350</mx:subfield><mx:subfield code="b">-283</mx:subfield><mx:subfield code="c">circa</mx:subfield></mx:datafield></mx:record>